<record><leader>00000cas a22000007a 4500</leader><controlfield tag="001">10651556</controlfield><controlfield tag="008">840421d18881898ohuwr ne      0    0eng d</controlfield><datafield ind1=" " ind2=" " tag="010"><subfield code="a">sn 84028267 </subfield></datafield><datafield ind1=" " ind2=" " tag="040"><subfield code="a">NPY</subfield><subfield code="b">eng</subfield><subfield code="c">NPY</subfield><subfield code="d">ONP</subfield><subfield code="d">OCLCQ</subfield></datafield><datafield ind1=" " ind2=" " tag="042"><subfield code="a">msc</subfield></datafield><datafield ind1="0" ind2="0" tag="245"><subfield code="a">Medina County gazette and news.</subfield></datafield><datafield ind1="1" ind2="3" tag="246"><subfield code="a">Medina gazette</subfield></datafield><datafield ind1="1" ind2="3" tag="246"><subfield code="a">Gazette-news</subfield></datafield><datafield ind1="1" ind2="7" tag="246"><subfield code="a">Medina County gazette</subfield></datafield><datafield ind1=" " ind2=" " tag="260"><subfield code="a">Medina, Ohio :</subfield><subfield code="b">Greene and Neil,</subfield><subfield code="c">1888-1898.</subfield></datafield><datafield ind1=" " ind2=" " tag="300"><subfield code="a">v.</subfield></datafield><datafield ind1=" " ind2=" " tag="310"><subfield code="a">Weekly</subfield></datafield><datafield ind1="0" ind2=" " tag="362"><subfield code="a">Vol. 54, no. 9 (Mar. 2, 1888)-v. 64, no. 33 (Aug. 18, 1898).</subfield></datafield><datafield ind1=" " ind2=" " tag="500"><subfield code="a">Republican.</subfield></datafield><datafield ind1=" " ind2="4" tag="651"><subfield code="a">Medina (Ohio)</subfield><subfield code="v">Newspapers.</subfield></datafield><datafield ind1=" " ind2="4" tag="651"><subfield code="a">Medina County (Ohio)</subfield><subfield code="v">Newspapers.</subfield></datafield><datafield ind1=" " ind2=" " tag="752"><subfield code="a">United States</subfield><subfield code="b">Ohio</subfield><subfield code="c">Medina</subfield><subfield code="d">Medina.</subfield></datafield><datafield ind1="0" ind2="4" tag="780"><subfield code="t">Medina County gazette (Medina, Ohio : 1869)</subfield><subfield code="w">(DLC)sn 84028266</subfield></datafield><datafield ind1="0" ind2="4" tag="780"><subfield code="t">Medina County news (Medina, Ohio)</subfield></datafield><datafield ind1="0" ind2="0" tag="785"><subfield code="t">Medina County gazette (Medina, Ohio : 1898)</subfield><subfield code="w">(DLC)sn 84028268</subfield></datafield><datafield ind1="1" ind2=" " tag="029"><subfield code="a">AU@</subfield><subfield code="b">000020532088</subfield></datafield></record>